@misc{ros_introduction,
  title = "{"ROS/Introduction", ROS wiki}",
  url = {http://wiki.ros.org/ROS/Introduction},
  urldate = {2020-04-23}
}

@book{newman2017systematic,
  title={"A Systematic Approach to Learning Robot Programming with ROS"},
  author={Newman, Wyatt},
  year={2017},
  publisher={CRC Press}
}

@misc{ros_messages,
  title = "{"Messages", ROS wiki}",
  url = {http://wiki.ros.org/Messages},
  urldate = {2020-04-23}
}

@misc{gazebo_beginner_overview,
  title = "{"Beginner: Overview", Gazebo}",
  url = {http://www.gazebosim.org/tutorials?cat=guided_b&tut=guided_b1},
  urldate = {2020-04-23}
}

@misc{ackerman2016gazebo,
  author = {Evan Ackerman},
  title = "{"Latest version of gazebo simulator makes it easier than ever to not build a robot", IEEE Spectrum}",
  url = {https://spectrum.ieee.org/automaton/robotics/robotics-software/latest-version-of-gazebo-simulator},
  urldate = {2020-04-23}
}

@misc{gazebo_ros_overview,
  title = "{"ROS overview", Gazebo}",
  url = {http://gazebosim.org/tutorials?tut=ros_overview},
  urldate = {2020-04-23}
}

@misc{gazebo_ros_control,
  title = "{"ROS control", Gazebo}",
  url = {http://gazebosim.org/tutorials?tut=ros_control},
  urldate = {2020-04-23}
}

@misc{mavlink_developer_guide,
  title = "{"MAVLink Developer Guide", MAVLink}",
  url = {https://mavlink.io/en/},
  urldate = {2020-04-24}
}

@misc{mavlink_packet_serialization,
  title = "{"Packet Serialization", MAVLink}",
  url = {https://mavlink.io/en/guide/serialization.html},
  urldate = {2020-06-06}
}

@misc{px4,
  title = "{"Open Source for Drones", PX4 Autopilot}",
  url = {https://px4.io/},
  urldate = {2020-04-23}
}

@misc{dronecode_projects,
  title = "{"Projects", Dronecode}",
  url = {https://www.dronecode.org/projects/},
  urldate = {2020-04-23}
}

@article{mimmoimplementation,
  title={Implementation of an Autonomous Navigation Algorithm with Collision Avoidance for an Unmanned Aerial Vehicle},
  author={Mimmo, Nicola and Mahlknecht, Florian}
}

@book{kuhlman2009python,
  title={"A python book: Beginning python, advanced python, and python exercises"},
  author={Kuhlman, Dave},
  year={2009},
  publisher={Dave Kuhlman Lutz}
}

@misc{opensource_what_is_docker,
  title = "{"What is Docker?", Opensource.com}",
  url = {https://opensource.com/resources/what-docker},
  urldate = {2020-04-25}
}

@misc{docker_get_started_overview,
  title = "{"Docker overview", Docker}",
  url = {https://docs.docker.com/get-started/overview/},
  urldate = {2020-04-26}
}

@misc{aws_robomaker_developer_guide,
  title = "{"AWS RoboMaker: Developer Guide", AWS}",
  url = {https://docs.aws.amazon.com/robomaker/latest/dg/aws-robomaker-dg.pdf},
  urldate = {2020-04-26}
}

@misc{cartographer_ros_integration,
  title = "{"Cartographer ROS Integration", Google Cartographer}",
  url = {https://google-cartographer-ros.readthedocs.io/en/latest/},
  urldate = {2020-04-27}
}

@article{liang2016generating,
  title={Generating Orthorectified Multi-Perspective 2.5 D Maps to Facilitate Web GIS-Based Visualization and Exploitation of Massive 3D City Models},
  author={Liang, Jianming and Gong, Jianhua and Liu, Jin and Zou, Yuling and Zhang, Jinming and Sun, Jun and Chen, Shuisen},
  journal={ISPRS International Journal of Geo-Information},
  volume={5},
  number={11},
  pages={212},
  year={2016},
  publisher={Multidisciplinary Digital Publishing Institute}
}

@misc{github_blam,
  title = "{"BLAM!", GitHub}",
  author = {Erik Nelson},
  url = {https://github.com/erik-nelson/blam},
  urldate = {2020-04-27}
}

@article{koide2019portable,
  title={A portable three-dimensional LIDAR-based system for long-term and wide-area people behavior measurement},
  author={Koide, Kenji and Miura, Jun and Menegatti, Emanuele},
  journal={International Journal of Advanced Robotic Systems},
  volume={16},
  number={2},
  pages={1729881419841532},
  year={2019},
  publisher={SAGE Publications Sage UK: London, England}
}

@incollection{KLANCAR2017161,
  title = "Chapter 4 - Path Planning",
  editor = "Gregor Klančar and Andrej Zdešar and Sašo Blažič and Igor Škrjanc",
  booktitle = "Wheeled Mobile Robotics",
  publisher = "Butterworth-Heinemann",
  pages = "161 - 206",
  year = "2017",
  isbn = "978-0-12-804204-5",
  doi = "https://doi.org/10.1016/B978-0-12-804204-5.00004-4",
  url = "http://www.sciencedirect.com/science/article/pii/B9780128042045000044",
  author = "Gregor Klančar and Andrej Zdešar and Sašo Blažič and Igor Škrjanc",
  keywords = "Path planning, Configuration space, Graph presentations, Road map, Optimal search, Heuristic algorithms, Bug algorithms, Randomized algorithms"
}

@misc{rtabmap_introlab,
  title = "{"Introlab RTAB\hyp{}Map", RTAB\hyp{}Map}",
  url = {http://introlab.github.io/rtabmap/},
  urldate = {2020-04-27}
}

@misc{github_qr_detector,
  title = "{"QR detector", GitHub}",
  author = {Michat Drwiega},
  url = {https://github.com/mdrwiega/qr_detector},
  urldate = {2020-04-27}
}

@misc{github_ar_tags_gazebo,
  title = "{"AR tags models for Gazebo", GitHub}",
  author = {Mikael Arguedas},
  url = {https://github.com/mikaelarguedas/gazebo_models},
  urldate = {2020-04-27}
}

@misc{spiral_robotics,
  title = "{"Autonomous flight for indoor drones", Spiral Inc.}",
  url = {https://spiral-robotics.com/en/#applications},
  urldate = {2020-06-06}
}

@misc{octo_talks,
  title = "{"Docker registry first steps", OCTO Talks !}",
  author = {Arnaud Mazin},
  url = {https://blog.octo.com/en/docker-registry-first-steps/},
  urldate = {2020-06-06}
}

@misc{docker_101,
  title = "{"Docker 101", MagPie DevOps}",
  author = {David Soff},
  url = {https://davidsoff.nl/presentation/docker-101/#4},
  urldate = {2020-06-06}
}

@misc{slam_sensor_handover,
  title = "{"Cross-spectral visual simultaneous localization and mapping (SLAM) with sensor handover", Elsevier}",
  author = {Marina Magnabosco and Toby P. Breckon},
  url = {http://breckon.eu/toby/publications/papers/magnabosco13slam.pdf},
  urldate = {2020-06-06}
}

@misc{3d_camera,
  title = "{"Choosing a 3D Vision Camera", IoT for all}",
  author = {Frank Lee},
  url = {https://www.iotforall.com/choosing-3d-vision-camera/},
  urldate = {2020-06-06}
}

@article{fe_be_slam_system,
  author = {Cadena, Cesar and Carlone, Luca and Carrillo, Henry and Latif, Yasir and Scaramuzza, Davide and Neira, Jose and Reid, Ian and Leonard, John},
  year = {2016},
  month = {06},
  pages = {},
  title = {Simultaneous Localization And Mapping: Present, Future, and the Robust-Perception Age},
  volume = {32},
  journal = {IEEE Transactions on Robotics},
  doi = {10.1109/TRO.2016.2624754}
}

@misc{slam_tech_and_tracking,
  title = "{"S.L.A.M. Tech \& Tracking", Medium}",
  author = {Rhiannon Sparling},
  url = {https://medium.com/desn325-emergentdesign/s-l-a-m-tech-tracking-743d059b1468},
  urldate = {2020-06-07}
}

@misc{andreas_jakl_slam,
  title = {"Basics of AR: SLAM – Simultaneous Localization and Mapping", Andreas Jakl},
  author = {Andreas Jakl},
  url = {https://www.andreasjakl.com/basics-of-ar-slam-simultaneous-localization-and-mapping/},
  urldate = {2020-06-07}
}

@misc{andreas_jakl_basics_of_ar,
  title = "{"Basics of AR: Anchors, Keypoints \& Feature Detection", Andreas Jakl}",
  author = {Andreas Jakl},
  url = {https://www.andreasjakl.com/basics-of-ar-anchors-keypoints-feature-detection/},
  urldate = {2020-06-07}
}

@misc{orb_slam2_github,
  title = "{"ORB-SLAM2", GitHub}",
  author = {Raul Mur-Artal},
  url = {https://github.com/raulmur/ORB_SLAM2},
  urldate = {2020-06-07}
}

@article{mur_orb_slam_2,
  author = {R. {Mur-Artal} and J. D. {Tardós}},
  journal = {IEEE Transactions on Robotics}, 
  title = {ORB-SLAM2: An Open-Source SLAM System for Monocular, Stereo, and RGB-D Cameras}, 
  year = {2017},
  volume = {33},
  number = {5},
  pages = {1255-1262}
}

@misc{octrees_gamedev,
  title = "{"Introduction to Octrees", Gamedev}",
  author = {Eric Nevala},
  url = {https://www.gamedev.net/tutorials/programming/general-and-gameplay-programming/introduction-to-octrees-r3529/},
  urldate = {2020-06-07}
}
