@misc{Smart-ICT,
  title = {"Smart ICT", Hogeschool PXL},
  howpublished = {[Online]},
  url = {https://www.pxl.be/SmartICT.html},
  urldate = {2020-02-28}
}